% ....názov súboru je: literatura.bib
% kniha
@book{Coplien:MPD,
	author = "James O. Coplien",
	title = "Multi-Paradigm Design for C++",
	publisher = "Addison-Wesley",
	year = 1999
}

% článok v časopise
@article{Czarnecki:Staged,
    author = "Krzysztof Czarnecki and Simon Helsen and Ulrich Eisenecker",
    title = "Staged Configuration Through Specialization and Multi-Level Configuration of Feature Models",
    journal = "Software Process: Improvement and Practice",
    volume = 10,
    issue = 2,
    month = apr # "/" # jun,
    year = "2005",
    pages = "143--169",
}

% článok v zborníku
@inproceedings{Czarnecki:Progress,
	author = "Krzysztof Czarnecki and Chang Hwan Peter Kim",
	title = "Cardinality-Based Feature Modeling and Constraints: A Progress Report",
	booktitle = "International Workshop on Software Factories, OOPSLA 2005",
	month = oct,
	year = "2005",
	address = "San Diego, USA",
}

 technická správa (nepublikovaná)
@techreport{Kang:FODA,
	author = "Kyo C. Kang and Sholom G. Cohen and James A. Hess and William E. Novak and A. Spencer Peterson",
	title = "Feature-Oriented Domain Analysis ({FODA}): A Feasibility Study",
	institution = "Software Engineering Institute, Carnegie Mellon University",
	address = "Pittsburgh, USA",
	month = nov,
	year = 1990,
	number = "CMU/SEI-90-TR-21",
}

% zdroj na webe
@misc{Python-CV,
	author = "Ján Erik Solem",
	title = "Computer Vision with Python",
	howpublished = "\url{https://books.google.sk/books?hl=sklr=id=J9b_CH-NrycCoi=fndpg=PP2dq=computer+vision+with+pythonots=B-67OWbKmxsig=VjXZ8QhGBTTzgfmMKCnUZUvnZkkredir_esc=yv=onepageq=computer20vision20with20pythonf=false/}",
}

@misc{CV-framework,
	author = "Lila Mullany,CV developer",
	title = "Introduction to Computer Vision model training",
	howpublished  = "\url{https://towardsdatascience.com/introduction-to-computer-vision-model-training-c8d22a9af22b/}",
}

@misc{Conditional-Probability,
	author = "Travis Tang,Data scientist",
	title = "Conditional Probability",
	howpublished  = "\url{https://towardsdatascience.com/learn-data-science-now-conditional-probability-acae6ec7b474/}",
}

@misc{Object-identification,
	author = "Manik Mondal",
	title = "Object identification for computer vision using image segmentation",
	howpublished  = "\url{https://ieeexplore.ieee.org/document/5529412/}",
}

@misc{OpenCV,
	author = "OpenCV Developers",
	title = "Libraries of OpenCV",
	howpublished  = "\url{https://docs.opencv.org/4.x/d1/dfb/intro.html/}",
}

@misc{CV-inspection-system,
	author = "Anoop Kadan",
	title = "Role of Computer Vision in Automatic Inspection System",
	howpublished  = "\url{https://www.researchgate.net/publication/281719495_Role_of_Computer_Vision_in_Automatic_Inspection_Systems/}",
}

@misc{inspection-in-manufacturing,
	author = "V-Soft Consulting",
	title = "Use Cases of Computer Vision in Manufacturing",
	howpublished  = "\url{https://blog.vsoftconsulting.com/blog/top-usecases-of-computer-vision-in-manufacturing/}",
}

@misc{CV-TUKE,
	author = "TUKE",
	title = "Počítačové videnie",
	howpublished  = "\url{http://matlab.fei.tuke.sk/wiki/index.php?title=PoC48DC3ADtaC48DovC3A9_videnie/}",
}

%http://matlab.fei.tuke.sk/wiki/index.php?title=Po%C4%8D%C3%ADta%C4%8Dov%C3%A9_videnie
%https://docs.opencv.org/4.x/d1/dfb/intro.htm
%https://blog.vsoftconsulting.com/blog/top-usecases-of-computer-vision-in-manufacturing
%https://towardsdatascience.com/learn-data-science-now-conditional-probability-acae6ec7b474
%https://ieeexplore.ieee.org/document/5529412
%https://www.researchgate.net/publication/281719495_Role_of_Computer_Vision_in_Automatic_Inspection_Systems
%https://towardsdatascience.com/introduction-to-computer-vision-model-training-c8d22a9af22b
%https://books.google.sk/books?hl=sk&lr=&id=J9b_CH-NrycC&oi=fnd&pg=PP2&dq=computer+vision+with+python&ots=B-67OWbKmx&sig=VjXZ8QhGBTTzgfmMKCnUZUvnZkk&redir_esc=y#v=onepage&q=computer20vision20with20python&f=false